@book{fmi-linalg-notes,
author = {Керопе Чакърян, Пламен Сидеров},
title = {Записки по алгебра: линейна алгебра},
year = {2022}
}
